

@article{juric2017lsst,
  title={LSST Science Platform Vision Document},
  author={Juri{\'c}, M and Ciardi, D and Dubois-Felsmann, G},
  journal={LSE-319, LSST https://ls. st/LSE-319 (Accessed: 2017)},
  year={2017}
}